@Article{1932_OnsagerFuoss,
  author       = {Lars Onsager and R. M. Fuoss},
  title        = {Irreversible Processes in Electrolytes. Diffusion, Conductance and Viscous Flow in Arbitrary Mixtures of Strong Electrolytes},
  number       = {11},
  pages        = {2689--2778},
  volume       = {36},
  date         = {1932-11},
  doi          = {10.1021/j150341a001},
  journaltitle = {J. Phys. Chem.},
  publisher    = {American Chemical Society ({ACS})},
}